@article{Absil2006,
  title={On the stable equilibrium points of gradient systems},
  author={Absil, P.-A. and Kurdyka, K.},
  journal={Systems \& Control Letters},
  volume={55},
  number={7},
  pages={573--577},
  year={2006}
};

@article{Anderson2008,
author				= "Anderson, B. D. O. and Yu, C. and Fidan, B. and Hendrickx, J. M.",
title				= "Rigid graph control architectures for autonomous formations",
journal			= "IEEE Control Systems Magazine",
year				= "2008",
volume				= "28",
number				= "6",
pages				= "48--63"
};

@article{Asimow1978,
author				= "Asimow, Leonard and Roth, Ben",
title				= "The rigidity of graphs",
journal				= "Transactions of the American Mathematical Society",
year				= "1978",
volume				= "245",
number				= "11",
pages				= "279--289"
};