@article{김재우2019텍스트,
  title={텍스트 마이닝을 활용한 사회과 연구 동향 분석: 2000 년대 이후의 학술 논문을 중심으로},
  author={김재우 and 김동진},
  journal={시민교육연구},
  volume={51},
  number={2},
  pages={35--70},
  year={2019},
  publisher={한국사회과교육학회}
}

@article{김찬미2020듀이의,
  title={듀이의 ‘반성적 사고’의 의미와 사회과교육에의 적용},
  author={김찬미},
  journal={시민교육연구},
  volume={52},
  number={2},
  pages={91--112},
  year={2020},
  publisher={한국사회과교육학회}
}

@article{248934,
author={박상준},
title={{거꾸로 교실 모형의 개발과 적용 사례의 연구 - 예비교사 교육에의 적용 결과를 중심으로 -}},
booltitle={{제22권 2호}},
journal={{사회과교육연구}},
volume={{22}},
issue={{2}},
publisher={한국사회교과교육학회},
year={2015},
pages={1-21}
}


@article{김경은2012사회과,
  title={사회과 핵심역량 중심의 창의{\textperiodcentered} 인성교육 수업 자료 개발: 공감적 활동에 기반한 문제해결형},
  author={김경은},
  journal={사회과교육},
  volume={51},
  number={3},
  pages={87--101},
  year={2012}
}

@article{김미란2019클래식,
  title={클래식 음악 감상활동의 효과적인 교수{\textperiodcentered} 학습방법을 위한 실행연구},
  author={김미란 and 김미애},
  journal={한국어린이미디어학회 학술대회 자료집},
  pages={148--153},
  year={2019}
}

@article{leeEnglish,
  title={영어교육 실행연구 논문 분석을 통한 실행연구 방법론 방향성 연구},
  author={이우주 and 김경한},
  journal={현대영어교육},
  volume={20},
  number={3},
  pages={104--116},
  year={2019}
}

@article{김영찬2013대학,
  title={대학 신규 교과목 개발을 위한 실행연구},
  author={김영찬 and 이용숙 and 유창조},
  journal={교육인류학연구},
  volume={16},
  number={1},
  pages={65--100},
  year={2013},
  publisher={한국교육인류학회}
}

@article{이호철2017초등교사,
  title={초등교사 역량 강화를 위한 체육과 실행연구의 방향},
  author={이호철},
  journal={한국초등체육학회지},
  volume={23},
  number={2},
  pages={79--95},
  year={2017}
}

@article{강지영2011국내,
  title={국내 교육관련 실행연구 (action research) 동향 분석},
  author={강지영 and 소경희},
  journal={아시아교육연구 (Asian Journal of Education)},
  volume={12},
  year={2011},
  publisher={서울대학교 교육연구소}
}

@article{정민수2018교육과정,
  title={교육과정-수업-평가-기록의 일체화 수업연구과정에 대한 실행연구},
  author={정민수},
  journal={교육방법연구},
  volume={30},
  pages={449--480},
  year={2018},
  publisher={한국교육방법학회}
}

@article{이용숙2016현장연구,
  title={현장연구 전체 과정에서의 분류체계분석과 성분분석 활용방법 교육을 위한 실행연구},
  author={이용숙},
  journal={한국문화인류학},
  volume={49},
  number={1},
  pages={3--50},
  year={2016}
}

@article{남도희2011교육실습을,
  title={교육실습을 통한 예비특수교사의 교육학적 내용지식 변화에 관한 실행연구: 국어 수업을 중심으로},
  author={남도희 and 남윤석},
  journal={특수교육학연구},
  volume={45},
  number={4},
  pages={47--70},
  year={2011}
}

@article{변정현2010초등학교,
  title={초등학교 초임교사 사회과 수업컨설팅에 관한 실행 연구},
  author={변정현},
  journal={사회과교육},
  volume={49},
  number={1},
  pages={97--113},
  year={2010}
}

@article{조은상2015설화를,
  title={설화를 활용한 자기성찰의 글쓰기 방법 실행 연구},
  author={조은상},
  journal={고전문학과 교육},
  volume={29},
  pages={291--336},
  year={2015},
  publisher={한국고전문학교육학회}
}

@article{김용신2021사회과,
  title={사회과 현장 실행연구 신드롬의 방법론적 성찰},
  author={김용신},
  journal={글로벌교육연구},
  volume={13},
  pages={65--82},
  year={2021},
  publisher={글로벌교육연구학회}
}

@article{한동균2015하브루타,
  title={하브루타 학습법에 기반한 사회과 수업의 설계 및 적용 가능성 모색},
  author={한동균 and 김성욱},
  journal={사회과수업연구},
  volume={3},
  pages={85--108},
  year={2015},
  publisher={한국사회과수업학회}
}

@article{한광웅2010사회과,
  title={사회과 교수ㆍ학습 과정안의 반성적 멘토링에 의한 예비교사의 수업전문성 형성과정 연구},
  author={한광웅},
  journal={사회과교육},
  volume={49},
  number={3},
  pages={17--38},
  year={2010}
}

@article{강대현2013사회과,
  title={사회과 교사의 전문성 발달 분석 연구: 교사 전문성 논의의 종합과 전문성 분석틀 개발},
  author={강대현},
  journal={사회과교육},
  volume={52},
  number={4},
  pages={75--89},
  year={2013}
}

@article{정우식2010초등학교,
  title={초등학교 체육과 교육과정에 따른 수행평가 적용에 관한 실행연구},
  author={정우식 and 이호철},
  journal={한국체육교육학회지},
  volume={15},
  number={4},
  pages={1--16},
  year={2010}
}

@article{김민정2011유아과학교육에서의,
  title={유아과학교육에서의 실행연구를 통한 교사의 변화},
  author={김민정 and 박은정},
  journal={유아교육학논집},
  volume={15},
  number={6},
  pages={41--61},
  year={2011}
}